@article{Sobol:2009,
Author = {{Sobol'}, I.M. and Kucherenko, S.},
Journal = {Math. Comput. Simul.},
Pages = {3009--30017},
Title = {Derivative based global sensitivity measures and the link with global sensitivity indices},
Volume = {79},
Year = {2009}}

@mastersthesis{Diaz:2016,
  author  ={Diaz, P.M.},
    title ={Global sensitivity metrics from active subspaces with applications},
    year  ={2016},
    school={Colorado School of Mines}
}

@book{Constantine:2015,
author="P.G. Constantine",
title="Active Subspaces: Emerging Ideas for Dimension Reduction in Parameter Studies",
volume={2},
publisher={SIAM, Philadelphia, PA, USA},
year={2015},
}

@article{Lamboni:2013,
title={Derivative-based global sensitivity measures: General links with Sobol'
indices and numerical tests},
volume={87},
journal={Math. Comput. Simul.},
author={Lamboni, M. and Iooss, B. and Popelin, A.-L. and Gamboa, F.},
year={2013},
pages={45--54}}


@article{Vohra:2018,
title={Sensitivity-driven adaptive construction of reduced-space surrogates},
journal={arXiv:1806.06285v1 [stat.AP] (Unpublished results)},
author={Vohra, M. and Alexanderian, A. and Safta, C. and Mahadevan, S.}, 
}

@article{Constantine:2017,
  title={Global sensitivity metrics from active subspaces},
  author={Constantine, P.G. and Diaz, P.},
  journal={Reliab. Eng. Syst. Saf.},
  volume={162},
  pages={1--13},
  year={2017},
  publisher={Elsevier}
}

@article{Vohra:2014,
  title={Development of a reduced model of formation reactions in {Zr-Al} nanolaminates},
  author={Vohra, M. and Winokur, J. and Overdeep, K.R. and Marcello, P. and Weihs, T.P. and Knio, O.M.},
  journal={J. Appl. Phys.},
  volume={116},
  pages={233501},
  year={2014},
  publisher={AIP Publishing}
}

@article{Vohra:2017,
  title={Design analysis for optimal calibration of diffusivity in reactive multilayers},
  author={Vohra, M. and Huan, X. and Weihs, T.P. and Knio, O.M.},
  journal={Combust. Theor. Model.},
  volume={21},
  pages={1023--1049},
  year={2017},
  publisher={Taylor \& Francis}
}

@article{Yetter:1991,
  title={A comprehensive reaction mechanism for carbon monoxide/hydrogen/oxygen kinetics},
  author={Yetter, R.A. and Dryer, F.L. and Rabitz, H.},
  journal={Combust. Sci. Technol.},
  volume={79},
  pages={97--128},
  year={1991},
  publisher={Taylor \& Francis}
}

@article{Das:1996,
  title={Hydrogen-oxygen reaction mechanism and its implication to
 hydrogen engine combustion},
  author={Das, L.M.},
  journal={Int. J. Hydrogen Energy},
  volume={21},
  pages={703--715},
  year={1996},
  publisher={Elsevier}
}

@article{Safta:2011,
  title={{TC}hem-a software toolkit for the analysis of complex kinetic models},
  author={Safta, C. and Najm, H.N. and Knio, O.M.},
  journal={Report No. SAND2011-3282, Sandia National Laboratories, CA, USA, 2011},
  year={2011}
}

@article{Jameson:1988,
  title={Aerodynamic design via control theory},
  author={Jameson, A.},
  journal={J. Sci. Comput.},
  volume={3},
  pages={233--260},
  year={1988},
  publisher={Springer}
}

@book{Borzi:2011,
  title={Computational optimization of systems governed by partial differential equations},
  author={Borz{\`\i}, A. and Schulz, V.},
  year={2011},
  publisher={SIAM, Philadelphia, PA, USA}
}

@article{Alexanderian:2017,
  Title = {Mean-variance risk-averse optimal control of systems governed by {PDEs} with random parameter fields using quadratic approximations},
  Author = {Alexanderian, A. and Petra, N. and Stadler, G. and Ghattas, O.},
  Journal = {SIAM/ASA J. Uncertainty Quantif.},
  volume = "5",
  Year = {2017},
  pages="1166--1192"
}

@article{Kiparissides:2009,
  title={Global sensitivity analysis challenges in biological systems modeling},
  author={Kiparissides, A. and Kucherenko, S.S. and Mantalaris, A. and Pistikopoulos, E.N.},
  journal={Ind. Eng. Chem. Res.},
  volume={48},
  pages={7168--7180},
  year={2009},
}

@article{Burnham:1987,
  title={Comparison of methods for measuring kerogen pyrolysis rates and fitting kinetic parameters},
  author={Burnham, A.K. and Braun, R.L. and Gregg, H.R. and Samoun, A.M.},
  journal={Energy Fuels},
  volume={1},
  pages={452--458},
  year={1987},
  publisher={ACS Publications}
}

@article{Vohra:2011,
  title={Modeling and quantitative nanocalorimetric analysis to assess interdiffusion in a {Ni/Al} bilayer},
  author={Vohra, M. and Grapes, M. and Swaminathan, P. and Weihs, T.P. and Knio, O.M.},
  journal={J. Appl. Phys.},
  volume={110},
  pages={123521},
  year={2011},
  publisher={AIP}
}

@article{Burnham:1988,
  title={Further comparison of methods for measuring kerogen pyrolysis rates and fitting kinetic parameters},
  author={Burnham, A.K. and Braun, R.L. and Samoun, A.M.},
  journal={Org. Geochem.},
  volume={13},
  pages={839--845},
  year={1988},
  publisher={Elsevier}
}

@article{Sarathy:2012,
  title={A comprehensive chemical kinetic combustion model for the four butanol isomers},
  author={Sarathy, S.M. and Vranckx, S. and Yasunaga, K. and Mehl, M. and O{\ss}wald, P. and Metcalfe, W.K. and Westbrook, C.K. and Pitz, W.J. and Kohse-H{\"o}inghaus, K. and Fernandes, R.X. and others},
  journal={Combust. Flame},
  volume={159},
  pages={2028--2055},
  year={2012},
  publisher={Elsevier}
}

@article{Morrison:2018,
  title={Representing model inadequacy: A stochastic operator approach},
  author={Morrison, R.E. and Oliver, T.A. and Moser, R.D.},
  journal={SIAM/ASA J. Uncertainty Quantif.},
  volume={6},
  pages={457--496},
  year={2018},
  publisher={SIAM}
}

@article{Hantouche:2018,
  title={Global sensitivity analysis of n-butanol reaction kinetics using rate rules},
  author={Hantouche, M. and Sarathy, S.M. and Knio, O.M.},
  journal={Combust. Flame},
  volume={196},
  pages={452--465},
  year={2018},
  publisher={Elsevier}
}

@article{Loges:2008,
  title={Controlled generation of hydrogen from formic acid amine adducts at room temperature and 
  application in {H}$_2$/{O}$_2$ fuel cells},
  author={Loges, B. and Boddien, A. and Junge, H. and Beller, M.},
  journal={Angew. Chem. Int. Ed.},
  volume={47},
  pages={3962--3965},
  year={2008},
  publisher={Wiley Online Library}
}

@article{Sobol:2001,
  title={Global sensitivity indices for nonlinear mathematical models and their Monte Carlo estimates},
  author={Sobol, I.M.},
  journal={Math. Comput. Simul.},
  volume={55},
  pages={271--280},
  year={2001},
  publisher={Citeseer}
}

@article{Saltelli:2010,
  title={Variance based sensitivity analysis of model output. Design and estimator for the total sensitivity index},
  author={Saltelli, A. and Annoni, P. and Azzini, I. and Campolongo, F. and Ratto, M. and Tarantola, S.},
  journal={Comput. Phys. Commun.},
  volume={181},
  pages={259--270},
  year={2010},
  publisher={Elsevier}
}

@article{Borgonovo:2007,
  title={A new uncertainty importance measure},
  author={Borgonovo, E.},
  journal={Reliab. Eng. Syst. Saf.},
  volume={92},
  pages={771--784},
  year={2007},
  publisher={Elsevier}
}

@article{Li:2010,
  title={Global sensitivity analysis for systems with independent and/or correlated inputs},
  author={Li, G. and Rabitz, H. and Yelvington, P.E. and Oluwole, O.O. and Bacon, F. and Kolb, C.E. and Schoendorf, J.},
  journal={J. Phys. Chem. A},
  volume={114},
  pages={6022--6032},
  year={2010},
  publisher={ACS Publications}
}

@article{Jacques:2006,
  title={Sensitivity analysis in presence of model uncertainty and correlated inputs},
  author={Jacques, J. and Lavergne, C. and Devictor, N.},
  journal={Reliab. Eng. Syst. Saf.},
  volume={91},
  pages={1126--1134},
  year={2006},
  publisher={Elsevier}
}

@article{Xu:2007,
  title={Extending a global sensitivity analysis technique to models with correlated parameters},
  author={Xu, C. and Gertner, G.},
  journal={Comput. Stat. Data Anal.},
  volume={51},
  pages={5579--5590},
  year={2007},
  publisher={Elsevier}
}

@article{SobolTarantolaGatelliEtAl07,
title = "Estimating the approximation error when fixing unessential factors in global sensitivity analysis",
journal = "Reliab. Eng. Syst. Saf.",
volume = "92",
pages = "957--960",
year = "2007",
author = "I.M. Sobol' and S. Tarantola and D. Gatelli and S.S. Kucherenko and W. Mauntz",
keywords = "Sobolâ€™ method, Approximation error, Sensitivity analysis by groups, Sensitivity indices"
}

@article{Cosnier:2016,
  title={Recent advances on enzymatic glucose/oxygen and hydrogen/oxygen biofuel cells: Achievements and limitations},
  author={Cosnier, S. and Gross, A.J. and Le Goff, A. and Holzinger, M.},
  journal={J. Power Sources},
  volume={325},
  pages={252--263},
  year={2016},
  publisher={Elsevier}
}

@article{Nannapaneni:2016,
  title={Reliability analysis under epistemic uncertainty},
  author={Nannapaneni, S. and Mahadevan, S.},
  journal={Reliab. Eng. Syst. Saf.},
  volume={155},
  pages={9--20},
  year={2016},
  publisher={Elsevier}
}

@article{Sankararaman:2015,
  title={Integration of model verification, validation, and calibration for uncertainty quantification in engineering systems},
  author={Sankararaman, S. and Mahadevan, S.},
  journal={Reliab. Eng. Syst. Saf.},
  volume={138},
  pages={194--209},
  year={2015},
  publisher={Elsevier}
}

@article{Plischke:2013,
  title={Global sensitivity measures from given data},
  author={Plischke, E. and Borgonovo, E. and Smith, C.L.},
  journal={Eur. J. Oper. Res.},
  volume={226},
  pages={536--550},
  year={2013},
  publisher={Elsevier}
}

@article{Tissot:2015,
  title={A randomized orthogonal array-based procedure for the estimation of first-and second-order Sobol'indices},
  author={Tissot, J.-Y. and Prieur, C.},
  journal={J. Stat. Comput. Simul.},
  volume={85},
  pages={1358--1381},
  year={2015},
  publisher={Taylor \& Francis}
}

@article{Li:2016,
  title={An efficient modularized sample-based method to estimate the first-order Sobol index},
  author={Li, C. and Mahadevan, S.},
  journal={Reliab. Eng. Syst. Saf.},
  volume={153},
  pages={110--121},
  year={2016},
  publisher={Elsevier}
}

@article{Sudret:2008,
  title={Global sensitivity analysis using polynomial chaos expansions},
  author={Sudret, B.},
  journal={Reliab. Eng. Syst. Saf.},
  volume={93},
  pages={964--979},
  year={2008},
  publisher={Elsevier}
}

@article{Constantine:2017a,
  title={Time-dependent global sensitivity analysis with active subspaces for 
         a lithium ion battery model},
  author={Constantine, P.G. and Doostan, A.},
  journal={Stat. Anal. Data Min.},
  volume={10},
  pages={243--262},
  year={2017},
  publisher={Wiley Online Library}
}

@article{Reagana:2003,
  title={Uncertainty quantification in reacting-flow simulations through non-intrusive spectral projection},
  author={Reagana, M.T. and Najm, H.N. and Ghanem, R.G. and Knio, O.M.},
  journal={Combust. Flame},
  volume={132},
  pages={545--555},
  year={2003},
  publisher={Elsevier}
}

@inproceedings{GoussisLam92,
  title={A study of homogeneous methanol oxidation kinetics using {CSP}},
  author={Goussis, D.A. and Lam, S.H/},
  booktitle={Symposium (International) on Combustion},
  volume={24},
  issue={1},
  pages={113--120},
  year={1992},
  organization={Elsevier}
}
@article{FotacheKreutzLaw97,
  title={Ignition of counterflowing methane versus heated air under reduced and elevated pressures},
  author={Fotache, C.G. and Kreutz, T.G. and Law, C.K.},
  journal={Combustion and Flame},
  volume={108},
  number={4},
  pages={442--470},
  year={1997},
  publisher={Elsevier}
}

@incollection{Lam85,
  title={Singular perturbation for stiff equations using numerical methods},
  author={Lam, S.H.},
  booktitle={Recent advances in the aerospace sciences},
  pages={3--19},
  year={1985},
  publisher={Springer}
}

@inproceedings{LamGoussis89,
  title={Understanding complex chemical kinetics with computational singular perturbation},
  author={Lam, SH and Goussis, DA},
  booktitle={Symposium (International) on Combustion},
  volume={22},
  issue={1},
  pages={931--941},
  year={1989},
  organization={Elsevier}
}

@article{SalloumAlexanderianLeMaitreEtAl12,
title = {Simplified {CSP} analysis of a stiff stochastic {ODE} system},
journal = {Computer Methods in Applied Mechanics and Engineering},
volume = {217--220},
pages = {121--138},
year = {2012},
issn = {0045--7825},
author = {Salloum, M. and Alexanderian, A. and Le Ma\^{i}tre, O.P. and 
Najm, H.N. and Knio, O.M.},
}

@article{ValoraniCretaGoussisEtAl06,
title = {An automatic procedure for the simplification of chemical kinetic mechanisms based on {CSP}},
journal = {Combustion and Flame},
volume = {146},
number = {1},
pages = {29--51},
year = {2006},
issn = {0010--2180},
author = {Valorani, M. and Creta, F. and Goussis, D.A. and Lee, J.C. and Najm, H.N.},
}

@article{GuptaImValorani13,
  title={Analysis of n-heptane auto-ignition characteristics using computational singular perturbation},
  author={Gupta, S. and Im, H.G. and Valorani, M.},
  journal={Proceedings of the Combustion Institute},
  volume={34},
  number={1},
  pages={1125--1133},
  year={2013},
  publisher={Elsevier}
}
@article{DebusschereMarzoukNajmEtAl12,
  title={Computational singular perturbation with non-parametric tabulation of slow manifolds for time integration of stiff chemical kinetics},
  author={Debusschere, B.J. and Marzouk, Y.M. and Najm, H.N. and 
Rhoads, B. and Goussis, D.A. and Valorani, M.},
  journal={Combustion Theory and Modelling},
  volume={16},
  number={1},
  pages={173--198},
  year={2012},
  publisher={Taylor \& Francis}
}

