@article{Starostin:2011,
  title={Ignition delay in hydrogen-air mixtures: {L}ow-temperature 
data interpretation via reaction mechanism with quantum corrections},
  author={Starostin, A.N. and Taran, M.D. and Petrushevich, Y.V. and Medvedev, S.P.
 and Agafonov, G.L. and Khomik, S.V.},
  journal={23rd ICDERS, Irvine},
  pages={24--29},
  year={2011}
}
