

@article{SobolKucherenko09,
Author = {I. {Sobol'} and S. {Kucherenko}},
Journal = {Math. Comp. Simul.},
Pages = {3009--30017},
Title = {Derivative based global sensitivity measures and the link with global sensitivity indices},
Volume = {79},
Year = {2009}}

@mastersthesis{Diaz16,
  author  ={Diaz, Paul Marcus},
    title ={Global sensitivity metrics from active subspaces with applications},
    year  ={2016},
    school={Colorado School of Mines}
}

@book{Constantine15,
author="P.G. Constantine",
title="Active Subspaces: Emerging Ideas for Dimension Reduction in Parameter Studies",
volume={2},
publisher={SIAM},
year={2015},
}
