@article{Sobol:2009,
Author = {{Sobol'}, I.M. and Kucherenko, S.},
Journal = {Math. Comp. Simul.},
Pages = {3009--30017},
Title = {Derivative based global sensitivity measures and the link with global sensitivity indices},
Volume = {79},
Year = {2009}}

@mastersthesis{Diaz:2016,
  author  ={Diaz, P.M.},
    title ={Global sensitivity metrics from active subspaces with applications},
    year  ={2016},
    school={Colorado School of Mines}
}

@book{Constantine:2015,
author="P.G. Constantine",
title="Active Subspaces: Emerging Ideas for Dimension Reduction in Parameter Studies",
volume={2},
publisher={SIAM},
year={2015},
}

@article{Lamboni:2013,
title={Derivative-based global sensitivity measures: General links with Sobol'
indices and numerical tests},
volume={87},
journal={Mathematics and Computers in Simulation},
author={Lamboni, M. and Iooss, B. and Popelin, A.-L. and Gamboa, F.},
year={2013},
pages={45--54}}


@article{Vohra:2018,
title={Sensitivity-driven adaptive construction of reduced-space surrogates},
journal={Preprint},
author={Vohra, M. and Alexanderian, A. and Safta, C. and Mahadevan, S.}, 
year={2018},
url={https://arxiv.org/abs/1806.06285}
}

@article{Constantine:2017,
  title={Global sensitivity metrics from active subspaces},
  author={Constantine, P.G. and Diaz, P.},
  journal={Reliability Engineering \& System Safety},
  volume={162},
  pages={1--13},
  year={2017},
  publisher={Elsevier}
}
